@article{chen_systematic_2022,
	title = {A Systematic Review of Mobile Stroke Unit Among Acute Stroke Patients: Time Metrics, Adverse Events, Functional Result and Cost-Effectiveness},
	volume = {13},
	journal = {Frontiers in Neurology},
	author = {Chen, Jieyun and Lin, Xiaoying and Cai, Yali and Huang, Risheng and Yang, Songyu and Zhang, Gaofeng},
	year = {2022},
	pages = {803162},
}

@article{fatima_mobile_2020,
	title = {Mobile stroke unit versus standard medical care in the management of patients with acute stroke: A systematic review and meta-analysis},
	volume = {15},
	issn = {1747-4930},
	shorttitle = {Mobile stroke unit versus standard medical care in the management of patients with acute stroke},
	url = {https://doi.org/10.1177/1747493020929964},
	doi = {10.1177/1747493020929964},
	number = {6},
	journal = {International Journal of Stroke},
	author = {Fatima, Nida and Saqqur, Maher and Hussain, M Shazam and Shuaib, Ashfaq},
	year = {2020},
	pages = {595--608},
}